@misc{a,
  author =       "J. Scacco, A. Muddiman",
  note =         "\url{https://mediaengagement.org/research/clickbait-headlines/}"
}
@misc{b,
  author =       "Ben Frampton",
  note =         "\url{https://www.bbc.com/news/uk-wales-34213693}"
}
@misc{c,
  author =       "Robin Reichert",
  note =         "\url{https://itstillworks.com/verify-source-credible-internet-8139507.html}"
}
@misc{d,
  note =         "\url{https://www.library.georgetown.edu/tutorials/research-guides/evaluating-internet-content}"
}
@misc{e,
  author =       "Ron K.",
  note =         "\url{https://uknowit.uwgb.edu/page.php?id=30276}"
}
@misc{f,
  note =         "\url{https://libraryguides.missouri.edu/c.php?g=467020&p=3193329}"
}
@misc{g,
  note =         "\url{https://researchguides.journalism.cuny.edu/factchecking_verification_fakenews}"
}
@misc{h,
  note =         "\url{https://eufactcheck.eu/about-us/}"
}
@misc{i,
  author =       "Mark Newton",
  note =         "\url{https://www.searchenginejournal.com/long-form-content-vs-clickbait/236265/}"
}
@misc{j,
  author =       "Ashuta Bhattarai",
  note =         "\url{https://medium.com/zerone-magazine/you-wont-believe-how-these-9-shocking-clickbaits-work-number-8-is-a-killer-4cb2ceded8b6}"
}
@misc{k,
    author =    "Rasmus Kleis Nielsen",
    note = 
    "\url{https://medium.com/oxford-university/where-do-people-get-their-news-8e850a0dea03}"
}
@misc{l,
  author =       "Nicole Martin",
  note =         "\url{https://www.forbes.com/sites/nicolemartin1/2018/11/30/how-social-media-has-changed-how-we-consume-news/}"
}